% Encoding: UTF-8

@Article{conneau2018unsupervised,
  title={Word Translation Without Parallel Data},
  author={Alexis Conneau, Guillaume Lample, Marc’Aurelio Ranzato, Ludovic Denoyer, Herve Jegou},
  journal={arXiv preprint arXiv:1710.04087},
  year={2018}
}

@Article{neubig2017translation,
  title={Neural Machine Translation and Sequence-to-sequence Models: A Tutorial},
  author={Graham Neubig},
  journal={arXiv preprint arXiv:1703.01619},
  year={2017}
}

@Article{cho2014autoencoders,
  title={Learning Phrase Representations using RNN Encoder–Decoder for Statistical Machine Translation},
  author={Kyunghyun Cho, Bart van Merrienboer, Caglar Gulcehre, Dzmitry Bahdanau, Fethi Bougares, Holger Schwenk, Yoshua Bengio},
  year={2014}
}

@Article{sennrichmonolingual,
  title={Phrase-Based & Neural Unsupervised Machine Translation},
  author={Guillaume Lample,  Myle Ott, Alexis Conneau, Ludovic Denoyer, Marc’Aurelio Ranzato},
  journal={arXiv preprint arXiv:1804.07755},
  year={2018}
}

@Article{navigli2010wordsense,
  title={An Experimental Study of Graph Connectivity for Unsupervised Word Sense Disambiguation},
  author={Roberto Navigli and Mirella Lapata},
  journal={IEEE TRANSACTIONS ON PATTERN ANALYSIS AND MACHINE INTELLIGENCE, VOL. 32,}
  year={2010}
}

@Article{bahdanu2016corpus,
  title={Neural Machine Translation by Jointly Learning to Align and Translate},
  author={Dzmitry Bahdanau, KyungHyun Cho, Yoshua Bengio},
  journal={arXiv preprint arXiv:1409.0473},
  year={2016}
}

@Comment{jabref-meta: databaseType:bibtex;}